<?xml version="1.0" encoding="UTF-8"?><record xmlns="http://www.loc.gov/MARC21/slim" xmlns:cinclude="http://apache.org/cocoon/include/1.0" xmlns:zs="http://www.loc.gov/zing/srw/">
  <leader>00908cz  a2200217n  4500</leader>
  <controlfield tag="001">no2011065047</controlfield>
  <controlfield tag="003">DLC</controlfield>
  <controlfield tag="005">20110519075538.0</controlfield>
  <controlfield tag="008">110425n| azaabaaan          |b ana     c</controlfield>
  <datafield tag="010" ind1=" " ind2=" ">
    <subfield code="a">no2011065047</subfield>
  </datafield>
  <datafield tag="035" ind1=" " ind2=" ">
    <subfield code="a">(OCoLC)oca08838374</subfield>
  </datafield>
  <datafield tag="040" ind1=" " ind2=" ">
    <subfield code="a">ICU</subfield>
    <subfield code="b">eng</subfield>
    <subfield code="c">ICU</subfield>
    <subfield code="e">rda</subfield>
    <subfield code="d">IEN</subfield>
  </datafield>
  <datafield tag="130" ind1=" " ind2="0">
    <subfield code="a">Sovremennai︠a︡ russkai︠a︡ proza (Literaturnyĭ fond Rossii)</subfield>
  </datafield>
  <datafield tag="430" ind1=" " ind2="0">
    <subfield code="a">Современная русская проза (Литературный фонд России)</subfield>
  </datafield>
  <datafield tag="410" ind1="2" ind2=" ">
    <subfield code="a">Literaturnyĭ fond Rossii.</subfield>
    <subfield code="t">Sovremennai︠a︡ russkai︠a︡ proza</subfield>
  </datafield>
  <datafield tag="643" ind1=" " ind2=" ">
    <subfield code="a">Moskva</subfield>
    <subfield code="b">Golos-Press</subfield>
  </datafield>
  <datafield tag="644" ind1=" " ind2=" ">
    <subfield code="a">f</subfield>
    <subfield code="5">ICU</subfield>
  </datafield>
  <datafield tag="645" ind1=" " ind2=" ">
    <subfield code="a">t</subfield>
    <subfield code="5">DPCC</subfield>
    <subfield code="5">ICU</subfield>
  </datafield>
  <datafield tag="646" ind1=" " ind2=" ">
    <subfield code="a">s</subfield>
    <subfield code="5">ICU</subfield>
  </datafield>
  <datafield tag="667" ind1=" " ind2=" ">
    <subfield code="a">Non-Latin script reference not evaluated.</subfield>
  </datafield>
  <datafield tag="670" ind1=" " ind2=" ">
    <subfield code="a">Astrakhant︠s︡ev, A. Antimuzhchina, 2010:</subfield>
    <subfield code="b">t.p. verso (Современная русская проза = Sovremennai︠a︡ russkai︠a︡ proza, izdanie Literaturnogo fonda Rossii)</subfield>
  </datafield>
</record>